%%
%% lab.bib
%%

@book{clrs,
  author    = {Alfred V. Aho and
               Monica S. Lam and
               Ravi Sethi and
               Jeffrey D. Ullman},
  title     = {Compilers: Principles, Techniques, and Tools (2nd Edition)},
  publisher = {Pearson Education Inc.},
  year      = {2009},
  isbn      = {0-321-48681-1}
}